% Copyright 2021 Radek Hornak, Jan Slany, Lukas Vrana

@book{pozar,
	author = {David M. Pozar},
	title = {Microwave Engineering},
	publisher = {Wiley},
	edition = {3},
	year = {2012},
	isbn = {0471448788}
}

@online{tektronix,
	title = {Test and Measurement Equipment},
	url = {https://uk.tek.com/}
}

@book{rfhandbook,
	author = {L. A. Belov and others},
	title = {Handbook of RF, Microwave, and Millimeter-Wave Components},
	publisher = {Artech House},
	year = {2012}
}

@online{gme,
	title = {GM electronic},
	url = {https://gme.cz/}
}

@online{czwiki,
	author = {Wikipedie},
	title = {BNC konektor --- Wikipedie: Otevřená encyklopedie},
	year = {2021},
	url = {https://cs.wikipedia.org/w/index.php?title=BNC_konektor&oldid=20756706},
	urldate = {2022-02-04}
}

@online{enwiki,
	author = {{Wikipedia contributors}},
	title = {N connector --- {Wikipedia}{,} The Free Encyclopedia},
	year = {2021},
	url = {https://en.wikipedia.org/w/index.php?title=N_connector&oldid=1022870407},
	urldate = {2022-02-04}
}
